
@misc{project_outline,
    title = {ME 303: Advanced Engineering Mathematics - Project 2: Heat equations},
    author = {Pan, Zhao},
    year = {2022},
    month = {4},
    publisher = {Department of Mechanical and Mechatronics Engineering - University of Waterloo}
}

@article{egg_props,
    author = {Sabliov, Cristina and Farkas, Brian and Keener, Kevin and Curtis, Patricia},
    year = {2002},
    month = {11},
    pages = {568–574},
    title = {Cooling of Shell Eggs with Cryogenic Carbon Dioxide: a Finite Element Analysis of Heat Transfer},
    volume = {35},
    journal = {LWT - Food Science and Technology},
    doi = {10.1006/fstl.2002.0915}
}

 @misc{spherical_math, 
    title={Transport Phenomena in Materials Engineering - Heat Transfer - 1-D Thermal Diffusion Equation and Solution}, 
    url={https://ocw.mit.edu/courses/3-185-transport-phenomena-in-materials-engineering-fall-2003/resources/handout_htrans/}, 
    journal={MIT OpenCourseWare}, 
    publisher={MIT OpenCourseWare}, 
    author={Powell, Adam}
}

@article{quail_egg,
    author = {Wilkanowska, Anna and Kokoszyński, Dariusz},
    year = {2012},
    month = {03},
    pages = {10-21},
    title = {Layer age and quality of pharaoh quail eggs},
    volume = {13},
    journal = {Journal of Central European Agriculture},
    doi = {10.5513/JCEA01/13.1.1007}
}

@article {ostrich_egg,
	author = {Freesmeyer, Martin and Kuehnel, Christian and Opfermann, Thomas and Niksch, Tobias and Wiegand, Steffen and Stolz, Ronny and Huonker, Ralph and Witte, Otto W. and Winkens, Thomas},
	title = {The Use of Ostrich Eggs for In Ovo Research: Making Preclinical Imaging Research Affordable and Available},
	volume = {59},
	number = {12},
	pages = {1901--1906},
	year = {2018},
	doi = {10.2967/jnumed.118.210310},
	publisher = {Society of Nuclear Medicine},
	URL = {https://jnm.snmjournals.org/content/59/12/1901},
	eprint = {https://jnm.snmjournals.org/content/59/12/1901.full.pdf},
	journal = {Journal of Nuclear Medicine}
}

 @misc{fda_egg_cook,
    title={Safety of eggs and menu and deli items made from raw shell eggs},
    url={https://www.fda.gov/food/retail-food-industryregulatory-assistance-training/assuring-safety-eggs-and-menu-and-deli-items-made-raw-shell-eggs},
    journal={U.S. Food and Drug Administration},
    publisher={FDA},
    author={Center for Food Safety and Applied Nutrition},
    year={2022},
    month={Mar}
}
